%1
@inproceedings{peng2004novel,
  title={A novel method to estimate the maximum power for a photovoltaic inverter system},
  author={Peng, Fang and others},
  booktitle={Power Electronics Specialists Conference},
  volume={3},
  pages={2065--2069},
  year={2004},
  organization={IEEE}
}

%2
@article{oneD1,
  title={MATLAB-based modeling to study the effects of partial shading on PV array characteristics},
  author={Patel, Hiren and Agarwal, Vivek},
  journal={Energy Conversion, IEEE Transactions on},
  volume={23},
  number={1},
  pages={302--310},
  year={2008},
  publisher={IEEE}
}

%3
@article{sullivan1965shadow,
  title={Shadow effects on a series-parallel array of solar cells},
  author={Sullivan, Ralph M},
  journal={Greenbelt, MD},
  year={1965}
}

%4
@article{femia2005optimization,
  title={Optimization of perturb and observe maximum power point tracking method},
  author={Femia, Nicola and Petrone, Giovanni and Spagnuolo, Giovanni and Vitelli, Massimo},
  journal={Power Electronics, IEEE Transactions on},
  volume={20},
  number={4},
  pages={963--973},
  year={2005},
  publisher={IEEE}
}

%5
@article{roman2006intelligent,
  title={Intelligent PV module for grid-connected PV systems},
  author={Roman, Eduardo and Alonso, Ricardo and Iba{\~n}ez, Pedro and Elorduizapatarietxe, Sabino and Goitia, Dami{\'a}n},
  journal={Industrial Electronics, IEEE Transactions on},
  volume={53},
  number={4},
  pages={1066--1073},
  year={2006},
  publisher={IEEE}
}

%6
@article{bp1,
  title={Study of bypass diodes configuration on PV modules},
  author={Silvestre, S and Boronat, A and Chouder, A},
  journal={Applied Energy},
  volume={86},
  number={9},
  pages={1632--1640},
  year={2009},
  publisher={Elsevier}
}


%8
@inproceedings{oneD3,
  title={Model of photovoltaic cell circuits under partial shading},
  author={Kajihara, Atsushi and Harakawa, Tetsumi},
  booktitle={Industrial Technology, 2005. IEEE International Conference on},
  pages={866--870},
  year={2005},
  organization={}
}

%9
@article{walker2001evaluating,
  title={Evaluating MPPT converter topologies using a MATLAB PV model},
  author={Walker, Geoff},
  journal={Journal of Electrical \& Electronics Engineering, Australia},
  volume={21},
  number={1},
  pages={49},
  year={2001},
  publisher={Engineers Australia}
}

%10
@inproceedings{moballegh2011partial,
  title={Partial shading modeling of photovoltaic system with experimental validations},
  author={Moballegh, S and Jiang, J},
  booktitle={Power and Energy Society General Meeting},
  pages={1--9},
  year={2011},
  organization={IEEE}
}

%11
@article{villalva2009comprehensive,
  title={Comprehensive approach to modeling and simulation of photovoltaic arrays},
  author={Villalva, Marcelo Gradella and Gazoli, Jonas Rafael and others},
  journal={Power Electronics, IEEE Transactions on},
  volume={24},
  number={5},
  pages={1198--1208},
  year={2009},
  publisher={IEEE}
}

%12
@article{bishop1988computer,
  title={Computer simulation of the effects of electrical mismatches in photovoltaic cell interconnection circuits},
  author={Bishop, JW},
  journal={Solar cells},
  volume={25},
  number={1},
  pages={73--89},
  year={1988},
  publisher={Elsevier}
}

%13  solar farm modeling
@article{janke2010multicriteria,
  title={Multicriteria GIS modeling of wind and solar farms in Colorado},
  author={Janke, Jason R},
  journal={Renewable Energy},
  volume={35},
  number={10},
  pages={2228--2234},
  year={2010},
  publisher={Elsevier}
}

%14 bypass diode more ref
@inproceedings{herrmann1997hot,
  title={Hot spot investigations on PV modules-new concepts for a test standard and consequences for module design with respect to bypass diodes},
  author={Herrmann, W and Wiesner, W and Vaassen, W},
  booktitle={Photovoltaic Specialists Conference, 1997., Conference Record of the Twenty-Sixth IEEE},
  pages={1129--1132},
  year={1997},
  organization={IEEE}
}

%add to the intro 1
@inproceedings{xiao2004modified,
  title={A modified adaptive hill climbing MPPT method for photovoltaic power systems},
  author={Xiao, Weidong and Dunford, William G},
  booktitle={Power Electronics Specialists Conference, 2004. PESC 04. 2004 IEEE 35th Annual},
  volume={3},
  pages={1957--1963},
  year={2004},
  organization={IEEE}
}

@article{koutroulis2001development,
  title={Development of a microcontroller-based, photovoltaic maximum power point tracking control system},
  author={Koutroulis, Eftichios and Kalaitzakis, Kostas and Voulgaris, Nicholas C},
  journal={Power Electronics, IEEE Transactions on},
  volume={16},
  number={1},
  pages={46--54},
  year={2001},
  publisher={IEEE}
}

@article{shading1,
  title={Experimental study of mismatch and shading effects in the I--V characteristic of a photovoltaic module},
  author={Alonso-Garcia, MC and Ruiz, JM and Chenlo, F},
  journal={Solar Energy Materials and Solar Cells},
  volume={90},
  number={3},
  pages={329--340},
  year={2006},
  publisher={Elsevier}
}

@article{hspice,
  title={Meta-software},
  author={Manual, HSPICE User¡¯s},
  journal={Inc.: Campbell, CA},
  year={1996}
}

@article{overfitting,
  title={Preventing over-fitting during model selection via Bayesian regularisation of the hyper-parameters},
  author={Cawley, Gavin C and Talbot, Nicola LC},
  journal={The Journal of Machine Learning Research},
  volume={8},
  pages={841--861},
  year={2007},
  publisher={JMLR. org}
}
